@ARTICLE{jtag,
journal={IEEE Std 1149.7-2009},
title={IEEE Standard for Reduced-Pin and Enhanced-Functionality Test Access Port and Boundary-Scan Architecture},
year={2010},
month={Feb},
pages={c1-985},
keywords={IEEE standards;boundary scan testing;integrated circuit testing;topology;IEEE 1149.1-2001;IEEE standard;boundary-scan architecture;enhanced-functionality test access port;integrated circuit;onchip test access ports;reduced-pin test access port;star scan topology;test clock rates;1149.1;1149.7;2-pin;2-wire;4-pin;4-wire;APU;Advanced Protocol;Advanced Protocol Unit;BDX;BSDL;BSDL.1;BSDL.7;BYPASS;Background Data Transfer;CDX;CID;CLTAPC;CP;Capture-IR;Chip-Level TAP Controller;Class T0;Class T1;Class T2;Class T3;Class T4;Class T5;Controller ID;Controller Identification Number;Custom Data Transfer;Data Register;EOT;EPU;EXTEST;Escape;Extended Protocol;HSDL;HSDL.7;IDCODE;Instruction Register;JScan;JScan0;JScan1;JScan2;JScan3;JTAG;MScan;MTCP;Multi-TAP Control Path;OScan;OScan0;OScan1;OScan2;OScan3;OScan4;OScan5;OScan6;OScan7;PC0;PC1;Pause-DR;Pause-IR;RSU;RTI;Reset and selection unit;Run-Test/Idle;SP;SSD;SScan;SScan0;SScan1;SScan2;SScan3;STL;Scan Packet;Scan Selection Directive;Scan Topology;Series Branch;Series Scan;Series Scan Topology;Series Topology;Series-Equivalent Scan;Shift-DR;Shift-IR;SiP;Standard Protocol;Star Scan;Star Scan Topology;Star Topology;Star-2;Star-2 Branch;Star-2 Scan;Star-4;Star-4 Branch;Star-4 Scan;Star-4 Scan Topology;System Test Logic;T0;T0 TAP.7;T1;T1 TAP.7;T2;T2 TAP.7;T3;T3 TAP.7;T4;T4 TAP.7;T4(N);T4(N) TAP.7;T4(W);T4(W) TAP.7;T5;T5 TAP.7;T5(N);T5(N) TAP.7;T5(W);T5(W) TAP.7;TAP;TAP controller;TAP controller address;TAP selection;TAP.1;TAP.7;TAPC;TCA;TCKC;TDI;TDIC;TDOC;TDOE;TLR;TMSC;TP;Test Access Port;Test-Logic-Reset;Transport Packet;Update-DR;Update-IR;ZBS;background data transport;boundary scan;compact JTAG;compliant behavior;compliant operation;control level;controller address;custom data transport;debug interface;extended operation;nTRST;nTRST_PD;narrow Star Scan Topology;optimized scan;scan;scan DR;scan IR;scan format;scan path;scan performance;scan protocol;scan topology;series;stall;star scan;test and debug;test target;zero bit scan},
doi={10.1109/IEEESTD.2010.5412866},}