@ARTICLE{JTAG,
journal={IEEE Std 1149.7-2009},
title={IEEE Standard for Reduced-Pin and Enhanced-Functionality Test Access Port and Boundary-Scan Architecture},
year={2010},
month={Feb},
pages={c1-985},
doi={10.1109/IEEESTD.2010.5412866},}

@Book{svf,
 author = {Jacobson, Neil},
 title = {The in-system configuration handbook : a designer's guide to ISC},
 publisher = {Kluwer Academic Publishers},
 year = {2004},
 address = {Boston},
 isbn = {140207655X}
 }
 
@misc{ pyUSB,
   author = "Wander Lairson Costa",
   title = "PyUSB - USB access on Python",
   year = "2015",
   url = "\url{http://walac.github.io/pyusb/}",
   note = "[Online; accessed 5-March-2015]"
 }
